<collection xmlns="http://www.loc.gov/MARC21/slim">
<record>
  <leader>00654nam0a22001211i 450 </leader>
  <controlfield tag="001">IT\ICCU\CNCE\061026</controlfield>
  <controlfield tag="005">20050901000000.0</controlfield>
  <datafield tag="100" ind1=" " ind2=" ">
    <subfield code="a">20050901d1539        0itac0103    ba</subfield>
  </datafield>
  <datafield tag="101" ind1=" " ind2=" ">
    <subfield code="a">LAT</subfield>
  </datafield>
  <datafield tag="102" ind1=" " ind2=" ">
    <subfield code="a">IT</subfield>
  </datafield>
  <datafield tag="200" ind1="1" ind2=" ">
    <subfield code="a">℗S. Tho. ℗Super ethica. Sancti doctoris: Thome de Aquino: in decem libros Ethicorum Aristotelis: profundissima commentaria: cum triplici textus translatione antiqua videlicet Leonardi Aretini nec non Ioannis Argyropili suis locis inserta. Nouissime post omnes impressiones vbique locorum excussas ... Adiecto insuper copioso repertorio nuperrime per dominum Lucam Panetium artium doctorem edito ...</subfield>
  </datafield>
  <datafield tag="210" ind1=" " ind2=" ">
    <subfield code="d">1539 (</subfield>
  </datafield>
  <datafield tag="801" ind1=" " ind2="3">
    <subfield code="a">IT</subfield>
    <subfield code="b">ICCU</subfield>
    <subfield code="c">20201115</subfield>
  </datafield>
</record>
</collection>
